<?xml version="1.0" encoding="UTF-8"?>
<srw:searchRetrieveResponse xmlns:srw="http://www.loc.gov/zing/srw/"
                            xmlns="http://catalogue.bnf.fr/namespaces/InterXMarc"
                            xmlns:ixm="http://catalogue.bnf.fr/namespaces/InterXMarc"
                            xmlns:mn="http://catalogue.bnf.fr/namespaces/motsnotices">
    <srw:version>1.2</srw:version>
    <srw:echoedSearchRetrieveRequest>
        <srw:version>1.2</srw:version>
        <srw:query>bib.isbn adj "2853192091"</srw:query>
    </srw:echoedSearchRetrieveRequest>
    <srw:numberOfRecords>1</srw:numberOfRecords>
    <srw:records>
        <srw:record>
            <srw:recordSchema>marcxchange</srw:recordSchema>
            <srw:recordPacking>xml</srw:recordPacking>
            <srw:recordData>
                <mxc:record xmlns:mxc="info:lc/xmlns/marcxchange-v2" format="UNIMARC" id="ark:/12148/cb35049657p"
                            type="Bibliographic">
                    <mxc:leader>cam 22 450</mxc:leader>
                    <mxc:controlfield tag="001">FRBNF350496570000003</mxc:controlfield>
                    <mxc:controlfield tag="003">http://catalogue.bnf.fr/ark:/12148/cb35049657p</mxc:controlfield>
                    <mxc:datafield tag="010" ind1=" " ind2=" ">
                        <mxc:subfield code="a">2-85319-209-1</mxc:subfield>
                        <mxc:subfield code="a">2-33333-209-1</mxc:subfield>
                        <mxc:subfield code="b">br.</mxc:subfield>
                        <mxc:subfield code="d">150 F</mxc:subfield>
                    </mxc:datafield>
                    <mxc:datafield tag="020" ind1=" " ind2=" ">
                        <mxc:subfield code="a">FR</mxc:subfield>
                        <mxc:subfield code="b">09006795</mxc:subfield>
                    </mxc:datafield>
                    <mxc:datafield tag="039" ind1=" " ind2=" ">
                        <mxc:subfield code="o">OPL</mxc:subfield>
                        <mxc:subfield code="a">007479457</mxc:subfield>
                    </mxc:datafield>
                    <mxc:datafield tag="100" ind1=" " ind2=" ">
                        <mxc:subfield code="a">19900112d1989 m y0frey50 ba</mxc:subfield>
                    </mxc:datafield>
                    <mxc:datafield tag="101" ind1="0" ind2=" ">
                        <mxc:subfield code="a">fre</mxc:subfield>
                        <mxc:subfield code="c">ita</mxc:subfield>
                    </mxc:datafield>
                    <mxc:datafield tag="102" ind1=" " ind2=" ">
                        <mxc:subfield code="a">FR</mxc:subfield>
                    </mxc:datafield>
                    <mxc:datafield tag="105" ind1=" " ind2=" ">
                        <mxc:subfield code="a">a z 00|y|</mxc:subfield>
                    </mxc:datafield>
                    <mxc:datafield tag="106" ind1=" " ind2=" ">
                        <mxc:subfield code="a">r</mxc:subfield>
                    </mxc:datafield>
                    <mxc:datafield tag="181" ind1=" " ind2="0">
                        <mxc:subfield code="6">01</mxc:subfield>
                        <mxc:subfield code="a">i</mxc:subfield>
                        <mxc:subfield code="b">xxxe</mxc:subfield>
                        <mxc:subfield code="a">b</mxc:subfield>
                        <mxc:subfield code="b">xb2e</mxc:subfield>
                    </mxc:datafield>
                    <mxc:datafield tag="181" ind1=" " ind2=" ">
                        <mxc:subfield code="6">02</mxc:subfield>
                        <mxc:subfield code="c">txt</mxc:subfield>
                        <mxc:subfield code="c">sti</mxc:subfield>
                        <mxc:subfield code="2">rdacontent</mxc:subfield>
                    </mxc:datafield>
                    <mxc:datafield tag="182" ind1=" " ind2="0">
                        <mxc:subfield code="6">01</mxc:subfield>
                        <mxc:subfield code="a">n</mxc:subfield>
                    </mxc:datafield>
                    <mxc:datafield tag="182" ind1=" " ind2=" ">
                        <mxc:subfield code="6">02</mxc:subfield>
                        <mxc:subfield code="c">n</mxc:subfield>
                        <mxc:subfield code="2">rdamedia</mxc:subfield>
                    </mxc:datafield>
                    <mxc:datafield tag="200" ind1="1" ind2=" ">
                        <mxc:subfield code="a">Dictionnaire des chanteurs francophones</mxc:subfield>
                        <mxc:subfield code="b">Texte imprimé</mxc:subfield>
                        <mxc:subfield code="e">de 1900 à nos jours</mxc:subfield>
                        <mxc:subfield code="e">900 biographies d'interprètes, 6000 titres de chansons</mxc:subfield>
                        <mxc:subfield code="f">Alain-Pierre Noyer</mxc:subfield>
                    </mxc:datafield>
                    <mxc:datafield tag="210" ind1=" " ind2=" ">
                        <mxc:subfield code="a">Paris</mxc:subfield>
                        <mxc:subfield code="a">Saint-Denis</mxc:subfield>
                        <mxc:subfield code="d">1996</mxc:subfield>
                        <mxc:subfield code="g">Impr. Jouve</mxc:subfield>
                        <mxc:subfield code="b">11 rue de Navarin, 75009</mxc:subfield>
                        <mxc:subfield code="c">Conseil international de la langue française</mxc:subfield>
                        <mxc:subfield code="c">Université de la Réunion</mxc:subfield>
                        <mxc:subfield code="e">61-Alençon</mxc:subfield>
                    </mxc:datafield>
                    <mxc:datafield tag="215" ind1=" " ind2=" ">
                        <mxc:subfield code="a">1 vol. (622 p.)</mxc:subfield>
                        <mxc:subfield code="c">couv. ill.</mxc:subfield>
                        <mxc:subfield code="d">24 cm</mxc:subfield>
                    </mxc:datafield>
                    <mxc:datafield tag="606" ind1=" " ind2=" ">
                        <mxc:subfield code="3">12009726</mxc:subfield>
                        <mxc:subfield code="a">Chansons françaises</mxc:subfield>
                        <mxc:subfield code="2">rameau</mxc:subfield>
                    </mxc:datafield>
                    <mxc:datafield tag="676" ind1=" " ind2=" ">
                        <mxc:subfield code="a">782.421 640922</mxc:subfield>
                        <mxc:subfield code="v">23</mxc:subfield>
                    </mxc:datafield>
                    <mxc:datafield tag="676" ind1=" " ind2=" ">
                        <mxc:subfield code="a">782.421 68092</mxc:subfield>
                        <mxc:subfield code="v">23</mxc:subfield>
                    </mxc:datafield>
                    <mxc:datafield tag="686" ind1=" " ind2=" ">
                        <mxc:subfield code="a">78</mxc:subfield>
                        <mxc:subfield code="2">Cadre de classement de la Bibliographie nationale française
                        </mxc:subfield>
                    </mxc:datafield>
                    <mxc:datafield tag="700" ind1=" " ind2="|">
                        <mxc:subfield code="3">12136586</mxc:subfield>
                        <mxc:subfield code="o">ISNI0000000360893659</mxc:subfield>
                        <mxc:subfield code="a">Noyer</mxc:subfield>
                        <mxc:subfield code="b">Pierre-Alain</mxc:subfield>
                        <mxc:subfield code="f">1948-....</mxc:subfield>
                        <mxc:subfield code="4">070</mxc:subfield>
                    </mxc:datafield>
                    <mxc:datafield tag="801" ind1=" " ind2="0">
                        <mxc:subfield code="a">FR</mxc:subfield>
                        <mxc:subfield code="b">FR-751131015</mxc:subfield>
                        <mxc:subfield code="c">19900112</mxc:subfield>
                        <mxc:subfield code="g">AFNOR</mxc:subfield>
                        <mxc:subfield code="h">FRBNF350496570000003</mxc:subfield>
                        <mxc:subfield code="2">intermrc</mxc:subfield>
                    </mxc:datafield>
                    <mxc:datafield tag="930" ind1=" " ind2=" ">
                        <mxc:subfield code="5">FR-751131009:35049657001001</mxc:subfield>
                        <mxc:subfield code="a">8-V-100309</mxc:subfield>
                        <mxc:subfield code="b">759999999</mxc:subfield>
                        <mxc:subfield code="c">Tolbiac - Rez de Jardin - Sciences et technique - Magasin</mxc:subfield>
                        <mxc:subfield code="d">O</mxc:subfield>
                    </mxc:datafield>
                    <mxc:datafield tag="930" ind1=" " ind2=" ">
                        <mxc:subfield code="5">FR-759999999:35049657002001</mxc:subfield>
                        <mxc:subfield code="a">2000-253473</mxc:subfield>
                        <mxc:subfield code="b">759999999</mxc:subfield>
                        <mxc:subfield code="c">Tolbiac - Rez de Jardin - Audiovisuel - Salle P - Libre accès
                        </mxc:subfield>
                        <mxc:subfield code="d">N</mxc:subfield>
                    </mxc:datafield>
                    <mxc:datafield tag="930" ind1=" " ind2=" ">
                        <mxc:subfield code="5">FR-751071001:35049657003001</mxc:subfield>
                        <mxc:subfield code="a">4-AW-1874</mxc:subfield>
                        <mxc:subfield code="b">759999999</mxc:subfield>
                        <mxc:subfield code="c">Maison Jean Vilar - Magasin</mxc:subfield>
                        <mxc:subfield code="d">N</mxc:subfield>
                    </mxc:datafield>
                </mxc:record>
            </srw:recordData>
            <srw:recordIdentifier>ark:/12148/cb35049657p</srw:recordIdentifier>
            <srw:recordPosition>1</srw:recordPosition>
            <srw:extraRecordData>
                <ixm:attr name="CreationDate">19900112</ixm:attr>
                <ixm:attr name="LastModificationDate">20190922</ixm:attr>
                <mn:score>7.332576</mn:score>
            </srw:extraRecordData>
        </srw:record>
    </srw:records>
</srw:searchRetrieveResponse>
